@misc{apa6,
       author = "{The University of Sydney}",
       title = "{APA} Referencing Style (6th Edition)",
       year = "2022",
       note = "See \url{https://libguides.library.usyd.edu.au/ld.php?content\_id=47913440}"}       

@misc{apa6,
       author = "{Acronis}",
       title = "What is cloud-based security and how does it work?",
       year = "n.d.",
       note = "See \url{https://www.acronis.com/en-sg/articles/cloud-based-security/?gclid=Cj0KCQjw_4-SBhCgARIsAAlegrU3PdUpW3sKINn6dAPOEJZqpc_gNXoqrS-SbcbSq71owwEzX_r41KcaAsuBEALw_wcB}"}
