@online{schroeder2012,
       title = {What is cloud-based security and how does it work?},
       url = {https://www.acronis.com/en-sg/articles/cloud-based-security/?gclid=Cj0KCQjw_4-SBhCgARIsAAlegrU3PdUpW3sKINn6dAPOEJZqpc_gNXoqrS-SbcbSq71owwEzX_r41KcaAsuBEALw_wcB},
       author = {Acronis},
       year = n.d.
}

@online{schroeder2012,
       title = {What is Network Security?},
       url = {https://www.forcepoint.com/cyber-edu/network-security},
       author = {Forcepoint},
       year = n.d.
}

@online{schroeder2012,
       title = {7 Must-Have Skills for Cybersecurity Success},
       url = {https://www.forcepoint.com/cyber-edu/network-security},
       author = {Day, Matt},
       year = n.d.
}

@online{schroeder2012,
       title = {Top Cybersecurity Skills in High Demand},
       url = {https://online.champlain.edu/blog/top-cybersecurity-skills-in-high-demand},
       author = {Krakoff, Sonya},
       year = n.d.
}


@online{schroeder2012,
       title = {Internal Training vs External Training: Which is More Effective and Why?},
       url = {https://www.cronofy.com/blog/internal-training-vs-external-training},
       author = {Bourhis, Jeremy},
       year = n.d.
}



@online{schroeder2012,
       title = {What is LAMP Stack?},
       url = {https://stackify.com/what-is-lamp-stack/},
       author = {Watson, Matt},
       year = 2020
}

 
@online{schroeder2012,
       title = {LAMP stack explained: Master the basics and get started quickly},
       url = {https://www.ibm.com/cloud/learn/lamp-stack-explained},
       author = {IBM Cloud Education},
       year = 2019
}
 
@online{schroeder2012,
       title = {What is LAMP Stack? | What is LAMP Used For?},
       url = {https://www.serverwatch.com/guides/lamp-stack/},
       author = {Ingalls, S},
       year = 2021
}     


